<record><leader>00000cas a2200000 a 4500</leader><controlfield tag="001">43989258</controlfield><controlfield tag="008">000505d199519uuazuqr ne      0   a0eng d</controlfield><datafield ind1=" " ind2=" " tag="010"><subfield code="a">sn 00060052 </subfield></datafield><datafield ind1=" " ind2=" " tag="040"><subfield code="a">ANN</subfield><subfield code="b">eng</subfield><subfield code="c">ANN</subfield><subfield code="d">DLC</subfield><subfield code="d">OCLCQ</subfield><subfield code="d">OCLCO</subfield></datafield><datafield ind1=" " ind2=" " tag="042"><subfield code="a">msc</subfield></datafield><datafield ind1=" " ind2=" " tag="043"><subfield code="a">n-us-az</subfield></datafield><datafield ind1="0" ind2=" " tag="130"><subfield code="a">Gila monster (Roosevelt, Ariz.)</subfield></datafield><datafield ind1="1" ind2="4" tag="245"><subfield code="a">The gila monster.</subfield></datafield><datafield ind1=" " ind2=" " tag="260"><subfield code="a">Roosevelt, Ariz. :</subfield><subfield code="b">Pig-Tails Publications</subfield></datafield><datafield ind1=" " ind2=" " tag="300"><subfield code="a">v.</subfield></datafield><datafield ind1=" " ind2=" " tag="310"><subfield code="a">Quarterly</subfield></datafield><datafield ind1="1" ind2=" " tag="362"><subfield code="a">Began in Winter 1995.</subfield></datafield><datafield ind1=" " ind2=" " tag="500"><subfield code="a">Serving the Roosevelt Lake area: Jake's Corner, Roosevelt, Rye, Salt River, Tonto Basin.</subfield></datafield><datafield ind1=" " ind2=" " tag="588"><subfield code="a">Description based on: Vol. 1, no. 3 (July 1, 1995).</subfield></datafield><datafield ind1=" " ind2="0" tag="651"><subfield code="a">Roosevelt (Ariz.)</subfield><subfield code="v">Newspapers.</subfield></datafield><datafield ind1=" " ind2="0" tag="651"><subfield code="a">Gila County (Ariz.)</subfield><subfield code="v">Newspapers.</subfield></datafield><datafield ind1=" " ind2=" " tag="752"><subfield code="a">United States</subfield><subfield code="b">Arizona</subfield><subfield code="c">Gila</subfield><subfield code="d">Roosevelt.</subfield></datafield></record>